<record><leader>00000cas a2200000 a 4500</leader><controlfield tag="001">33425268</controlfield><controlfield tag="008">951106d19791991fludn ne      0    0eng c</controlfield><datafield ind1=" " ind2=" " tag="010"><subfield code="a">sn 95047249 </subfield></datafield><datafield ind1=" " ind2=" " tag="040"><subfield code="a">FUG</subfield><subfield code="b">eng</subfield><subfield code="c">FUG</subfield><subfield code="d">OCLCQ</subfield><subfield code="d">OCLCF</subfield><subfield code="d">OCLCO</subfield></datafield><datafield ind1=" " ind2=" " tag="012"><subfield code="i">9511</subfield></datafield><datafield ind1="1" ind2=" " tag="029"><subfield code="a">AU@</subfield><subfield code="b">000025888817</subfield></datafield><datafield ind1=" " ind2=" " tag="042"><subfield code="a">pcc</subfield></datafield><datafield ind1=" " ind2=" " tag="043"><subfield code="a">n-us-fl</subfield></datafield><datafield ind1="0" ind2="4" tag="245"><subfield code="a">The Daily sun-journal.</subfield></datafield><datafield ind1=" " ind2=" " tag="260"><subfield code="a">Brooksville, Fla. :</subfield><subfield code="b">Roy H. Park,</subfield><subfield code="c">1979-1991.</subfield></datafield><datafield ind1=" " ind2=" " tag="300"><subfield code="a">v.</subfield></datafield><datafield ind1=" " ind2=" " tag="310"><subfield code="a">Daily (Tuesday through Saturday)</subfield></datafield><datafield ind1="0" ind2=" " tag="362"><subfield code="a">90th year, no. 93 (Jan. 16, 1979)-104th year, no. 53 (Mar. 15, 1991).</subfield></datafield><datafield ind1=" " ind2=" " tag="530"><subfield code="a">Also issued on microfilm from the University of Florida.</subfield></datafield><datafield ind1=" " ind2="0" tag="651"><subfield code="a">Brooksville (Fla.)</subfield><subfield code="v">Newspapers.</subfield></datafield><datafield ind1=" " ind2="0" tag="651"><subfield code="a">Hernando County (Fla.)</subfield><subfield code="v">Newspapers.</subfield></datafield><datafield ind1=" " ind2="7" tag="655"><subfield code="a">Newspapers.</subfield><subfield code="2">fast</subfield><subfield code="0">(OCoLC)fst01423814</subfield></datafield><datafield ind1=" " ind2="7" tag="651"><subfield code="a">Florida</subfield><subfield code="z">Brooksville.</subfield><subfield code="2">fast</subfield><subfield code="0">(OCoLC)fst01215784</subfield></datafield><datafield ind1=" " ind2="7" tag="651"><subfield code="a">Florida</subfield><subfield code="z">Hernando County.</subfield><subfield code="2">fast</subfield><subfield code="0">(OCoLC)fst01214946</subfield></datafield><datafield ind1=" " ind2=" " tag="752"><subfield code="a">United States</subfield><subfield code="b">Florida</subfield><subfield code="c">Hernando</subfield><subfield code="d">Brooksville.</subfield></datafield><datafield ind1="1" ind2=" " tag="776"><subfield code="c">Microfilm</subfield><subfield code="d">George A. Smathers Libraries, University of Florida</subfield><subfield code="w">(DLC)sn 96027627</subfield><subfield code="w">(OCoLC)35218135</subfield></datafield><datafield ind1="0" ind2="0" tag="780"><subfield code="t">Sun-journal (Brooksville, Fla. : 1963)</subfield><subfield code="w">(DLC)sn 95047248</subfield><subfield code="w">(OCoLC)33425266</subfield></datafield><datafield ind1="0" ind2="0" tag="785"><subfield code="t">Sun-journal (Brooksville, Fla. : 1991)</subfield><subfield code="w">(DLC)sn 95047250</subfield><subfield code="w">(OCoLC)33425270</subfield></datafield><datafield ind1=" " ind2=" " tag="850"><subfield code="a">FU</subfield></datafield></record>